% This file was created with JabRef 2.10b2.
% Encoding: ISO8859_1


@InProceedings{bottou2010large,
  Title                    = {Large-Scale Machine Learning with Stochastic Gradient Descent},
  Author                   = {Bottou, L\'{e}on},
  Booktitle                = {Proceedings of the 19th International Conference on Computational Statistics (COMPSTAT'2010)},
  Year                     = {2010},

  Address                  = {Paris, France},
  Editor                   = {Lechevallier, Yves and Saporta, Gilbert},
  Month                    = {August},
  Pages                    = {177--187},
  Publisher                = {Springer},

  Url                      = {http://leon.bottou.org/papers/bottou-2010}
}

@InCollection{bottou2008tradeoffs,
  Title                    = {The Tradeoffs of Large Scale Learning},
  Author                   = {Bottou, L\'{e}on and Bousquet, Olivier},
  Booktitle                = {Advances in Neural Information Processing Systems},
  Publisher                = {NIPS Foundation (http://books.nips.cc)},
  Year                     = {2008},
  Editor                   = {Platt, J.C. and Koller, D. and Singer, Y. and Roweis, S.},
  Pages                    = {161--168},
  Volume                   = {20},

  Url                      = {http://leon.bottou.org/papers/bottou-bousquet-2008}
}

@InProceedings{davis2007information,
  Title                    = {Information-theoretic metric learning},
  Author                   = {Davis, Jason V and Kulis, Brian and Jain, Prateek and Sra, Suvrit and Dhillon, Inderjit S},
  Booktitle                = {Proceedings of the 24th international conference on Machine learning},
  Year                     = {2007},
  Organization             = {ACM},
  Pages                    = {209--216}
}

@InProceedings{kontschieder2011structured,
  Title                    = {Structured class-labels in random forests for semantic image labelling},
  Author                   = {Kontschieder, Peter and Bulo, Samuel Rota and Bischof, Horst and Pelillo, Marcello},
  Booktitle                = {IEEE International Conference on Computer Vision},
  Year                     = {2011},
  Organization             = {IEEE},
  Pages                    = {2190--2197}
}

@Article{kulis2012metric,
  Title                    = {Metric learning: a survey},
  Author                   = {Kulis, Brian},
  Journal                  = {Found. and Trends in Machine Learning},
  Year                     = {2012},
  Number                   = {4},
  Pages                    = {287--364},
  Volume                   = {5},

  Owner                    = {carsten},
  Timestamp                = {2014.06.03}
}

@Article{lowe2004distinctive,
  Title                    = {Distinctive image features from scale-invariant keypoints},
  Author                   = {Lowe, David G},
  Journal                  = {International Journal of Computer Vision},
  Year                     = {2004},
  Number                   = {2},
  Pages                    = {91--110},
  Volume                   = {60},

  Publisher                = {Springer}
}

@InProceedings{mahalanobis1936generalised,
  Title                    = {{On the generalised distance in statistics}},
  Author                   = {Mahalanobis, P. C.},
  Booktitle                = {Proceedings National Institute of Science, India},
  Year                     = {1936},
  Month                    = {apr},
  Number                   = {1},
  Pages                    = {49--55},
  Volume                   = {2},

  Url                      = {http://ir.isical.ac.in/dspace/handle/1/1268}
}

@InProceedings{muja2009fast,
  Title                    = {Fast Approximate Nearest Neighbors with Automatic Algorithm Configuration},
  Author                   = {Muja, Marius and Lowe, David G.},
  Booktitle                = {International Conference on Computer Vision Theory and Application (VISSAPP'09)},
  Year                     = {2009},
  Pages                    = {331-340},
  Publisher                = {INSTICC Press}
}

@Manual{petersen2012matrix,
  Title                    = {The Matrix Cookbook},
  Author                   = {K. B. Petersen and M. S. Pedersen},
  Month                    = {November},
  Note                     = {Version 20121115},
  Year                     = {2012},

  Publisher                = {Technical University of Denmark},
  Url                      = {http://www2.imm.dtu.dk/pubdb/p.php?3274}
}

@InProceedings{rakhlin2012making,
  Title                    = {Making Gradient Descent Optimal for Strongly Convex Stochastic Optimization},
  Author                   = {Rakhlin, Alexander and Shamir, Ohad and Sridharan, Karthik},
  Booktitle                = {Proceedings of the 29th International Conference on Machine Learning (ICML-12)},
  Year                     = {2012},
  Pages                    = {449--456}
}

@Article{sande2011empowering,
  Title                    = {Empowering Visual Categorization with the GPU},
  Author                   = {van de Sande, Koen E. A. and Gevers, Theo and Snoek, Cees G. M.},
  Journal                  = {IEEE Transactions on Multimedia},
  Year                     = {2011},
  Number                   = {1},
  Pages                    = {60--70},
  Volume                   = {13},

  Url                      = {http://www.science.uva.nl/research/publications/2011/vandeSandeITM2011}
}

@Article{sande2010evaluating,
  Title                    = {Evaluating Color Descriptors for Object and Scene Recognition},
  Author                   = {van de Sande, Koen E. A. and Gevers, Theo and Snoek, Cees G. M.},
  Journal                  = {IEEE Transactions on Pattern Analysis and Machine Intelligence},
  Year                     = {2010},
  Number                   = {9},
  Pages                    = {1582--1596},
  Volume                   = {32},

  Url                      = {http://www.science.uva.nl/research/publications/2010/vandeSandeTPAMI2010}
}

@InProceedings{schultz2003learning,
  Title                    = {Learning a distance metric from relative comparisons},
  Author                   = {Schultz, Matthew and Joachims, Thorsten},
  Booktitle                = {Advances in Neural Information Processing Systems (NIPS)},
  Year                     = {2003},
  Pages                    = {41--48},
  Publisher                = {MIT Press},
  Volume                   = {16}
}

@Article{weinberger2009distance,
  Title                    = {Distance metric learning for large margin nearest neighbor classification},
  Author                   = {Weinberger, Kilian Q. and Saul, Lawrence K.},
  Journal                  = {The Journal of Machine Learning Research},
  Year                     = {2009},
  Pages                    = {207--244},
  Volume                   = {10},

  Publisher                = {MIT Press}
}

@Article{xu2011towards,
  Title                    = {Towards optimal one pass large scale learning with averaged stochastic gradient descent},
  Author                   = {Xu, Wei},
  Journal                  = {arXiv preprint arXiv:1107.2490},
  Year                     = {2011}
}

